
@misc{arc2024report,
  author = {Chollet, François and Knoop, Mike and Kamradt, Gregory and Landers, Bryan},
  title = {ARC Prize 2024: Technical Report},
  howpublished = {\url{https://arcprize.org/media/arc-prize-2024-technical-report.pdf}},
  year = {2024}
}

@article{li2024combining,
  title = {Combining Induction and Transduction for Abstract Reasoning},
  author = {Li, Wen-Ding and Hu, Keya and Larsen, Carter and Wu, Yuqing and Alford, Simon and Woo, Caleb and Dunn, Spencer M. and Tang, Hao and Naim, Michelangelo and Nguyen, Dat and Zheng, Wei-Long and Tavares, Zenna and Pu, Yewen and Ellis, Kevin},
  journal = {arXiv preprint arXiv:2411.02272},
  year = {2024}
}

@article{akyurek2024ttt,
  title = {The Surprising Effectiveness of Test-Time Training for Abstract Reasoning},
  author = {Akyürek, Ekin and Damani, Mehul and Qiu, Linlu and Guo, Han and Kim, Yoon and Andreas, Jacob},
  journal = {arXiv preprint arXiv:2411.07279},
  year = {2024}
}
